@article{nathan2008translating,
  title={Translating the A1C assay into estimated average glucose values},
  author={Nathan, David M and Kuenen, Judith and Borg, Rikke and Zheng, Hui and Schoenfeld, David and Heine, Robert J},
  journal={Diabetes care},
  volume={31},
  number={8},
  pages={1473--1478},
  year={2008},
  publisher={Am Diabetes Assoc}
}

@article{goldstein2004tests,
  title={Tests of glycemia in diabetes},
  author={Goldstein, David E and Little, Randie R and Lorenz, Rodney A and Malone, John I and Nathan, David and Peterson, Charles M and Sacks, David B},
  journal={Diabetes care},
  volume={27},
  number={7},
  pages={1761--1773},
  year={2004},
  publisher={Am Diabetes Assoc}
}

@article{kahn2007consensus,
  title={Consensus statement on the worldwide standardization of the hemoglobin A1C measurement: the American Diabetes Association, European Association for the Study of Diabetes, International Federation of Clinical Chemistry and Laboratory Medicine, and the International Diabetes Federation},
  author={Kahn, Richard and Hicks, Jocelyn and Muller, Mathias and Panteghini, Mauro and John, Garry and Deeb, Larry and Buse, John and Nathan, David M and Ferrannini, Ele and Heine, Robert and others},
  journal={Diabetes Care},
  volume={30},
  number={9},
  pages={2399--2400},
  year={2007},
  publisher={American Diabetes Association Inc.}
}

@article{berg2008haemoglobin,
  title={Haemoglobin A1c analysis in the management of patients with diabetes: from chaos to harmony},
  author={Berg, AH and Sacks, DB},
  journal={Journal of clinical pathology},
  volume={61},
  number={9},
  pages={983--987},
  year={2008},
  publisher={BMJ Publishing Group}
}

@article{nathan1984clinical,
  title={The clinical information value of the glycosylated hemoglobin assay},
  author={Nathan, David M and Singer, Daniel E and Hurxthal, Katherine and Goodson, John D},
  journal={New England Journal of Medicine},
  volume={310},
  number={6},
  pages={341--346},
  year={1984},
  publisher={Mass Medical Soc}
}

@misc{goldstein1984glycosylated,
  title={Is glycosylated hemoglobin clinically useful?},
  author={Goldstein, David E},
  year={1984},
  publisher={Mass Medical Soc}
}

@article{nathan2007relationship,
  title={Relationship between glycated haemoglobin levels and mean glucose levels over time},
  author={Nathan, DM and Turgeon, H and Regan, S},
  journal={Diabetologia},
  volume={50},
  number={11},
  pages={2239--2244},
  year={2007},
  publisher={Springer}
}

@misc{grant2008cvx,
  title={CVX: Matlab software for disciplined convex programming},
  author={Grant, Michael and Boyd, Stephen}
}

@article{goldberger2000physiobank,
  title={Physiobank, physiotoolkit, and physionet},
  author={Goldberger, Ary L and Amaral, Luis AN and Glass, Leon and Hausdorff, Jeffrey M and Ivanov, Plamen Ch and Mark, Roger G and Mietus, Joseph E and Moody, George B and Peng, Chung-Kang and Stanley, H Eugene},
  journal={Circulation},
  volume={101},
  number={23},
  pages={e215--e220},
  year={2000},
  publisher={Am Heart Assoc}
}